<?xml version="1.0" encoding="UTF-8"?><record xmlns="http://www.loc.gov/MARC21/slim" xmlns:cinclude="http://apache.org/cocoon/include/1.0" xmlns:zs="http://www.loc.gov/zing/srw/">
  <leader>00443nz  a2200145n  4500</leader>
  <controlfield tag="001">no 96003432 </controlfield>
  <controlfield tag="003">DLC</controlfield>
  <controlfield tag="005">19960124054614.0</controlfield>
  <controlfield tag="008">960123n| acannaab|          |n aaa     c</controlfield>
  <datafield tag="010" ind1=" " ind2=" ">
    <subfield code="a">no 96003432 </subfield>
  </datafield>
  <datafield tag="035" ind1=" " ind2=" ">
    <subfield code="a">(OCoLC)oca03992435 </subfield>
  </datafield>
  <datafield tag="040" ind1=" " ind2=" ">
    <subfield code="a">PPPrHi</subfield>
    <subfield code="c">PPPrHi</subfield>
  </datafield>
  <datafield tag="100" ind1="1" ind2="0">
    <subfield code="a">Hay, George,</subfield>
    <subfield code="d">1911-</subfield>
  </datafield>
  <datafield tag="670" ind1=" " ind2=" ">
    <subfield code="a">The Architecture of Scottish post-reformation churches, 1957:</subfield>
    <subfield code="b">t.p. (George Hay)</subfield>
  </datafield>
  <datafield tag="670" ind1=" " ind2=" ">
    <subfield code="a">LC in OCLC, 1/12/96</subfield>
    <subfield code="b">(hdg.: Hay, George, 1911- )</subfield>
  </datafield>
</record>